<record><leader>00000cas a2200000Ka 4500</leader><controlfield tag="001">289019699</controlfield><controlfield tag="008">081219c20079999azumr ne      0    0eng c</controlfield><datafield ind1=" " ind2=" " tag="010"><subfield code="a">sn2008060003</subfield></datafield><datafield ind1=" " ind2=" " tag="040"><subfield code="a">AZP</subfield><subfield code="b">eng</subfield><subfield code="c">AZP</subfield><subfield code="d">AZP</subfield><subfield code="d">OCLCF</subfield><subfield code="d">OCLCO</subfield></datafield><datafield ind1="0" ind2=" " tag="130"><subfield code="a">Nugget (San Manuel, Ariz.)</subfield></datafield><datafield ind1="0" ind2="0" tag="245"><subfield code="a">Nugget.</subfield></datafield><datafield ind1=" " ind2=" " tag="260"><subfield code="a">San Manuel, Ariz. :</subfield><subfield code="b">Nugget,</subfield><subfield code="c">2007-</subfield></datafield><datafield ind1=" " ind2=" " tag="300"><subfield code="a">v. :</subfield><subfield code="b">ill. ;</subfield><subfield code="c">32 cm.</subfield></datafield><datafield ind1=" " ind2=" " tag="310"><subfield code="a">Monthly</subfield></datafield><datafield ind1="0" ind2=" " tag="362"><subfield code="a">Vol. 1, no. 1 (Sept./Oct. 2007)-</subfield></datafield><datafield ind1=" " ind2=" " tag="500"><subfield code="a">"Arts and Entertainment Along the Copper Corridor."</subfield></datafield><datafield ind1=" " ind2="0" tag="651"><subfield code="a">San Manuel (Ariz.)</subfield><subfield code="v">Newspapers.</subfield></datafield><datafield ind1=" " ind2="0" tag="651"><subfield code="a">Pinal County (Ariz.)</subfield><subfield code="v">Newspapers.</subfield></datafield><datafield ind1=" " ind2="7" tag="655"><subfield code="a">Newspapers.</subfield><subfield code="2">fast</subfield><subfield code="0">(OCoLC)fst01423814</subfield></datafield><datafield ind1=" " ind2="7" tag="651"><subfield code="a">Arizona</subfield><subfield code="z">Pinal County.</subfield><subfield code="2">fast</subfield><subfield code="0">(OCoLC)fst01206040</subfield></datafield><datafield ind1=" " ind2="7" tag="651"><subfield code="a">Arizona</subfield><subfield code="z">San Manuel.</subfield><subfield code="2">fast</subfield><subfield code="0">(OCoLC)fst01283833</subfield></datafield><datafield ind1=" " ind2=" " tag="752"><subfield code="a">United States</subfield><subfield code="b">Arizona</subfield><subfield code="c">Pinal</subfield><subfield code="d">San Manuel.</subfield></datafield></record>